/Users/romanishchenko/Yandex.Disk.localized/BiBTeX/library.bib